<record><leader>00000cas a22000007a 4500</leader><controlfield tag="001">15503183</controlfield><controlfield tag="008">870408d19291934wiudn ne      0    0eng d</controlfield><datafield ind1=" " ind2=" " tag="010"><subfield code="a">sn 87082555 </subfield></datafield><datafield ind1=" " ind2=" " tag="040"><subfield code="a">NPV</subfield><subfield code="b">eng</subfield><subfield code="c">NPV</subfield><subfield code="d">OCL</subfield><subfield code="d">OCLCQ</subfield></datafield><datafield ind1=" " ind2=" " tag="042"><subfield code="a">msc</subfield></datafield><datafield ind1="0" ind2=" " tag="130"><subfield code="a">Leader-advocate (Shawano, Wis.)</subfield></datafield><datafield ind1="1" ind2="4" tag="245"><subfield code="a">The leader-advocate.</subfield></datafield><datafield ind1=" " ind2=" " tag="260"><subfield code="a">Shawano, Wis. :</subfield><subfield code="b">Shawano County Leader Pub. Co.,</subfield><subfield code="c">1929-1934.</subfield></datafield><datafield ind1=" " ind2=" " tag="300"><subfield code="a">v.</subfield></datafield><datafield ind1=" " ind2=" " tag="310"><subfield code="a">Daily (except Sunday)</subfield></datafield><datafield ind1="0" ind2=" " tag="362"><subfield code="a">Vol. 1, no. 1 (Jan. 9, 1929)-v. 53, no. 33 (Aug. 16, 1934).</subfield></datafield><datafield ind1=" " ind2=" " tag="752"><subfield code="a">United States</subfield><subfield code="b">Wisconsin</subfield><subfield code="c">Shawano</subfield><subfield code="d">Shawano.</subfield></datafield><datafield ind1="0" ind2="4" tag="780"><subfield code="t">Shawano County leader</subfield><subfield code="w">(DLC)sn 85040130</subfield></datafield><datafield ind1="0" ind2="4" tag="780"><subfield code="t">Shawano County advocate</subfield><subfield code="w">(DLC)sn 87082554</subfield></datafield><datafield ind1="0" ind2="0" tag="785"><subfield code="t">Shawano evening leader</subfield><subfield code="w">(DLC)sn 84001229</subfield></datafield></record>